<record><leader>00000cas a22000007a 4500</leader><controlfield tag="001">21479813</controlfield><controlfield tag="008">900504d18781uuumouwr ne      0    0eng d</controlfield><datafield ind1=" " ind2=" " tag="010"><subfield code="a">sn 90061362 </subfield></datafield><datafield ind1=" " ind2=" " tag="040"><subfield code="a">MQN</subfield><subfield code="b">eng</subfield><subfield code="c">MQN</subfield><subfield code="d">OCLCQ</subfield><subfield code="d">UMR</subfield><subfield code="d">OCLCQ</subfield><subfield code="d">OCLCF</subfield><subfield code="d">OCLCO</subfield></datafield><datafield ind1="1" ind2=" " tag="029"><subfield code="a">AU@</subfield><subfield code="b">000025851785</subfield></datafield><datafield ind1=" " ind2=" " tag="042"><subfield code="a">msc</subfield></datafield><datafield ind1=" " ind2=" " tag="043"><subfield code="a">n-us-mo</subfield></datafield><datafield ind1="0" ind2=" " tag="130"><subfield code="a">Rolla new era (Rolla, Mo. : 1878)</subfield></datafield><datafield ind1="1" ind2="4" tag="245"><subfield code="a">The Rolla new era.</subfield></datafield><datafield ind1=" " ind2=" " tag="260"><subfield code="a">City of Rolla, Mo. :</subfield><subfield code="b">Wallbridge J. Powell</subfield></datafield><datafield ind1=" " ind2=" " tag="300"><subfield code="a">v.</subfield></datafield><datafield ind1=" " ind2=" " tag="310"><subfield code="a">Weekly</subfield></datafield><datafield ind1="0" ind2=" " tag="362"><subfield code="a">Vol. 4, no. 1 (Apr. 18, 1878)-</subfield></datafield><datafield ind1=" " ind2="0" tag="651"><subfield code="a">Rolla (Mo.)</subfield><subfield code="v">Newspapers.</subfield></datafield><datafield ind1=" " ind2="0" tag="651"><subfield code="a">Rolla (Mo.)</subfield><subfield code="x">History.</subfield></datafield><datafield ind1=" " ind2="0" tag="651"><subfield code="a">Phelps County (Mo.)</subfield><subfield code="v">Newspapers.</subfield></datafield><datafield ind1=" " ind2="7" tag="655"><subfield code="a">History.</subfield><subfield code="2">fast</subfield><subfield code="0">(OCoLC)fst01411628</subfield></datafield><datafield ind1=" " ind2="7" tag="655"><subfield code="a">Newspapers.</subfield><subfield code="2">fast</subfield><subfield code="0">(OCoLC)fst01423814</subfield></datafield><datafield ind1=" " ind2="7" tag="651"><subfield code="a">Missouri</subfield><subfield code="z">Phelps County.</subfield><subfield code="2">fast</subfield><subfield code="0">(OCoLC)fst01215968</subfield></datafield><datafield ind1=" " ind2="7" tag="651"><subfield code="a">Missouri</subfield><subfield code="z">Rolla.</subfield><subfield code="2">fast</subfield><subfield code="0">(OCoLC)fst01210032</subfield></datafield><datafield ind1=" " ind2=" " tag="752"><subfield code="a">United States</subfield><subfield code="b">Missouri</subfield><subfield code="c">Phelps</subfield><subfield code="d">Rolla.</subfield></datafield><datafield ind1="0" ind2="0" tag="780"><subfield code="t">Phelps County new era</subfield><subfield code="w">(DLC)sn 87052184</subfield></datafield><datafield ind1="0" ind2="0" tag="785"><subfield code="t">New era (Rolla, Mo.)</subfield><subfield code="w">(DLC)sn 86063666</subfield></datafield></record>